<?xml version="1.0" encoding="UTF-8"?><collection xmlns="http://www.loc.gov/MARC21/slim"><record><leader>00486nam--2200133-i-4500</leader><controlfield tag="001">000025455</controlfield><controlfield tag="002">20161230</controlfield><controlfield tag="005">20161230201035</controlfield><controlfield tag="008">060222s1000------------r-----000-0-eng-d</controlfield><datafield ind1=" " ind2=" " tag="080"><subfield code="a">537.533.53(061.3)</subfield></datafield><datafield ind1=" " ind2=" " tag="245"><subfield code="a">Microscopie electronique a haute tension 1975. textes des communications presentees au congres international toulouse 1-4 sept.1975</subfield></datafield><datafield ind1=" " ind2=" " tag="260"><subfield code="a">Paris, Societe Francaise De Microscopie Electronique, 1976, Xv + 403p</subfield></datafield><datafield ind1=" " ind2=" " tag="700"><subfield code="a">Jouffrey, Bernard Et Favard, P</subfield></datafield><datafield ind1=" " ind2=" " tag="852"><subfield code="a">48916</subfield></datafield></record></collection>